@inproceedings{hooks1994writing,
  title={Writing good requirements},
  author={Hooks, Ivy},
  booktitle={INCOSE International Symposium},
  volume={4},
  number={1},
  pages={1247--1253},
  year={1994},
  organization={Wiley Online Library}
}

@book{ieee1998ieee,
  title={Ieee recommended practice for software requirements specifications},
  author={IEEE Computer Society. Software Engineering Standards Committee and IEEE-SA Standards Board},
  volume={830},
  number={1998},
  year={1998},
  publisher={IEEE}
}
@inproceedings{knauss2008,
  title={Assessing the quality of software requirements specifications},
  author={Knauss, Eric and El Boustani, Christian},
  booktitle={2008 16th IEEE International Requirements Engineering Conference},
  pages={341--342},
  year={2008},
  organization={IEEE}
}

@inproceedings{shu2021application,
  title={Application of Computer Aided Design Software in Interior Design},
  author={Shu, Yujie},
  booktitle={Journal of Physics: Conference Series},
  volume={1992},
  number={2},
  pages={022035},
  year={2021},
  organization={IOP Publishing}
}

@article{kamel2007emerging,
  title={The emerging Web 2.0 social software: an enabling suite of sociable technologies in health and health care education 1},
  author={Kamel Boulos, Maged N and Wheeler, Steve},
  journal={Health Information \& Libraries Journal},
  volume={24},
  number={1},
  pages={2--23},
  year={2007},
  publisher={Wiley Online Library}
}